<record><leader>00000cas a2200000 a 4500</leader><controlfield tag="001">32574295</controlfield><controlfield tag="008">950531d19361940nyuwr ne      0    0eng c</controlfield><datafield ind1=" " ind2=" " tag="010"><subfield code="a">sn 95071135 </subfield></datafield><datafield ind1=" " ind2=" " tag="040"><subfield code="a">NYS</subfield><subfield code="b">eng</subfield><subfield code="c">NYS</subfield><subfield code="d">OCLCQ</subfield><subfield code="d">OCLCF</subfield><subfield code="d">OCLCO</subfield></datafield><datafield ind1="1" ind2=" " tag="029"><subfield code="a">AU@</subfield><subfield code="b">000011738089</subfield></datafield><datafield ind1=" " ind2=" " tag="042"><subfield code="a">pcc</subfield></datafield><datafield ind1=" " ind2=" " tag="043"><subfield code="a">n-us-ny</subfield></datafield><datafield ind1="0" ind2="0" tag="245"><subfield code="a">Port Washington times post.</subfield></datafield><datafield ind1="1" ind2=" " tag="246"><subfield code="i">Includes section:</subfield><subfield code="a">North Shore almanack</subfield><subfield code="f">1936-&lt;1939&gt;</subfield></datafield><datafield ind1=" " ind2=" " tag="260"><subfield code="a">Port Washington, N.Y. :</subfield><subfield code="b">Bronson W. Griscom,</subfield><subfield code="c">1936-1940.</subfield></datafield><datafield ind1=" " ind2=" " tag="300"><subfield code="a">v.</subfield></datafield><datafield ind1=" " ind2=" " tag="310"><subfield code="a">Weekly</subfield></datafield><datafield ind1="0" ind2=" " tag="362"><subfield code="a">Vol. 2, no. 8 (July 3, 1936)-v. 11, no. 21 (May 10, 1940).</subfield></datafield><datafield ind1=" " ind2=" " tag="500"><subfield code="a">Publishers: Bronson W. Griscom, 1936- ; Griscom-Woodyard Publications, &lt;1938&gt;; Griscom Publications, &lt;1940&gt;.</subfield></datafield><datafield ind1=" " ind2=" " tag="500"><subfield code="a">Editors: Richard Willis, &lt;1938&gt;; Gray Mason, &lt;1940&gt;.</subfield></datafield><datafield ind1=" " ind2="0" tag="651"><subfield code="a">Port Washington (N.Y.)</subfield><subfield code="v">Newspapers.</subfield></datafield><datafield ind1=" " ind2="0" tag="651"><subfield code="a">Nassau County (N.Y.)</subfield><subfield code="v">Newspapers.</subfield></datafield><datafield ind1=" " ind2="7" tag="655"><subfield code="a">Newspapers.</subfield><subfield code="2">fast</subfield><subfield code="0">(OCoLC)fst01423814</subfield></datafield><datafield ind1=" " ind2="7" tag="651"><subfield code="a">New York (State)</subfield><subfield code="z">Nassau County.</subfield><subfield code="2">fast</subfield><subfield code="0">(OCoLC)fst01205518</subfield></datafield><datafield ind1=" " ind2="7" tag="651"><subfield code="a">New York (State)</subfield><subfield code="z">Port Washington.</subfield><subfield code="2">fast</subfield><subfield code="0">(OCoLC)fst01207264</subfield></datafield><datafield ind1=" " ind2=" " tag="752"><subfield code="a">United States</subfield><subfield code="b">New York</subfield><subfield code="c">Nassau</subfield><subfield code="d">Port Washington.</subfield></datafield><datafield ind1="0" ind2="0" tag="780"><subfield code="t">Port Washington times, Port Washington post</subfield><subfield code="w">(DLC)sn 95071134</subfield><subfield code="w">(OCoLC)32512649</subfield></datafield><datafield ind1="0" ind2="7" tag="785"><subfield code="t">Port Washington news (Port Washington, N.Y. : 1903)</subfield><subfield code="w">(DLC)sn 95071136</subfield><subfield code="w">(OCoLC)32493142</subfield></datafield><datafield ind1="0" ind2="7" tag="785"><subfield code="t">Port Washington news and Port Washington times post</subfield><subfield code="w">(DLC)sn 95071137</subfield><subfield code="w">(OCoLC)32574481</subfield></datafield></record>